
@misc{wiki:tfidf,
  author = "Wikipedia",
  title = "Tf-idf --- Wikipedia{,} The Free Encyclopedia",
  year = "2017",
  url = "https://en.wikipedia.org/w/index.php?title=Tf%E2%80%93idf&oldid=776211470",
  note = "[Online; accessed 1-May-2017]"
}

@inproceedings{rennie2003tackling,
  title={Tackling the poor assumptions of naive bayes text classifiers},
  author={Rennie, Jason D and Shih, Lawrence and Teevan, Jaime and Karger, David R and others},
  booktitle={ICML},
  volume={3},
  pages={616--623},
  year={2003},
  organization={Washington DC)}
}

@misc{wiki:knn,
   author = "Wikipedia",
   title = "K-nearest neighbors algorithm --- Wikipedia{,} The Free Encyclopedia",
   year = "2017",
   url = "https://en.wikipedia.org/w/index.php?title=K-nearest_neighbors_algorithm&oldid=769927229",
   note = "[Online; accessed 17-April-2017]"
 }
 
@inproceedings{beyer1999nearest,
  title={When is nearest neighbor meaningful?},
  author={Beyer, Kevin and Goldstein, Jonathan and Ramakrishnan, Raghu and Shaft, Uri},
  booktitle={International conference on database theory},
  pages={217--235},
  year={1999},
  organization={Springer}
}
