@book{Skiena09,
  title={The Algorithm Design Manual},
  author={Skiena, S.S.},
  isbn={9781848000704},
  lccn={2008931136},
  url={https://books.google.cz/books?id=7XUSn0IKQEgC},
  year={2009},
  publisher={Springer London}
}

@article{reingold_tilford,
	author = {M. REINGOLD, Edward a John S. TILFORD},
	title = {Tidier Drawings of Trees},
	journal = {IEEE Transactions on software engineering 1981},
  volume = {SE-7},
	pages = {223-228},
	url = {http://citeseerx.ist.psu.edu/viewdoc/download?doi=10.1.1.150.3559&rep=rep1&type=pdf}
}

@article {walker,
  author = {Walker, John Q.},
  title = {A node-positioning algorithm for general trees},
  journal = {Software: Practice and Experience},
  volume = {20},
  number = {7},
  publisher = {John Wiley & Sons, Ltd.},
  issn = {1097-024X},
  url = {http://dx.doi.org/10.1002/spe.4380200705},
  doi = {10.1002/spe.4380200705},
  pages = {685--705},
  keywords = {Aesthetics, Computer graphics, Drawing methods, Tree drawing, Tree structures},
  year = {1990},
}

@misc{buchheim,
    author = {Christoph Buchheim, Michael JÃ¼nger, Sebastian Leipert},
    title = {Improving Walker's Algorithm to Run in Linear Time},
    year = {2002}
}