
@INPROCEEDINGS{fips46,
	author = {U.S. DEPARTMENT OF COMMERCE/National Institute of Standards and Technology },
	title = {Data Encryption Standard},
	booktitle = {FIPS PUB 46-3, Federal Information Processing Standards Publication},
	year = {1999},
}

